<record><leader>00000cas a22000007a 4500</leader><controlfield tag="001">16310324</controlfield><controlfield tag="008">870728d19711981inuwr ne      0    0eng d</controlfield><datafield ind1=" " ind2=" " tag="010"><subfield code="a">sn 87056291 </subfield></datafield><datafield ind1=" " ind2=" " tag="040"><subfield code="a">NPI</subfield><subfield code="b">eng</subfield><subfield code="c">NPI</subfield><subfield code="d">OCLCQ</subfield></datafield><datafield ind1=" " ind2=" " tag="042"><subfield code="a">msc</subfield></datafield><datafield ind1="0" ind2=" " tag="130"><subfield code="a">Northside reporter (Evansville, Ind.)</subfield></datafield><datafield ind1="1" ind2="0" tag="245"><subfield code="a">Northside reporter.</subfield></datafield><datafield ind1=" " ind2=" " tag="260"><subfield code="a">Evansville [Ind.] :</subfield><subfield code="b">Homer C. &amp; H.G. Alley,</subfield><subfield code="c">1971-1981.</subfield></datafield><datafield ind1=" " ind2=" " tag="310"><subfield code="a">Weekly</subfield></datafield><datafield ind1="0" ind2=" " tag="362"><subfield code="a">Vol. 1, no. 1 (May 26, 1971)-v. 3 [i.e. 12], no. 17 (apr. 29, 1981).</subfield></datafield><datafield ind1=" " ind2=" " tag="500"><subfield code="a">"Serving northern Vanderburgh County, North Park, Darmstadt, McCutchanville, Haustadt.</subfield></datafield><datafield ind1=" " ind2=" " tag="515"><subfield code="a">Last issue of vol. 11 misread as vol. 2, therefore, subsequent issues continue this numbering, i.e., vol. 11 is followed by vol. 3.</subfield></datafield><datafield ind1=" " ind2=" " tag="752"><subfield code="a">United States</subfield><subfield code="b">Indiana</subfield><subfield code="c">Vanderburgh</subfield><subfield code="d">Evansville.</subfield></datafield></record>